
@article{goodman_church:_2012,
	title = {Church: a language for generative models},
	shorttitle = {Church},
	url = {http://arxiv.org/abs/1206.3255},
	urldate = {2014-05-12},
	journal = {{arXiv} preprint {arXiv:1206.3255}},
	author = {Goodman, Noah and Mansinghka, Vikash and Roy, Daniel and Bonawitz, Keith and Tarlow, Daniel},
	year = {2012},
	file = {[PDF] from arxiv.org:/Users/mbehr/Library/Application Support/Zotero/Profiles/mhwg3gjh.default/zotero/storage/5JCD74S2/Goodman et al. - 2012 - Church a language for generative models.pdf:application/pdf;Snapshot:/Users/mbehr/Library/Application Support/Zotero/Profiles/mhwg3gjh.default/zotero/storage/2EER4R4U/1206.html:text/html}
}

@inproceedings{wingate_lightweight_2011,
	title = {Lightweight implementations of probabilistic programming languages via transformational compilation},
	url = {http://machinelearning.wustl.edu/mlpapers/paper_files/AISTATS2011_WingateSG11.pdf},
	urldate = {2014-05-12},
	booktitle = {International Conference on Artificial Intelligence and Statistics},
	author = {Wingate, David and Stuhlmüller, Andreas and Goodman, Noah D.},
	year = {2011},
	pages = {770–778},
	file = {[PDF] from wustl.edu:/Users/mbehr/Library/Application Support/Zotero/Profiles/mhwg3gjh.default/zotero/storage/FSDZDFEM/Wingate et al. - 2011 - Lightweight implementations of probabilistic progr.pdf:application/pdf}
}

@misc{goodman_probabilistic_????,
	title = {Probabilistic Models of Cognition},
	howpublished = "\url{https://probmods.org/}",
	author = {Goodman, N. D. and Tenenbaum, J. B.}
}